@inproceedings{le-2016-inference-compilation,
  author = {Le, Tuan Anh and Baydin, Atılım Güneş and Wood, Frank},
  booktitle = {Proceedings of the 20th International Conference on Artificial Intelligence and Statistics (AISTATS)},
  title = {Inference Compilation and Universal Probabilistic Programming},
  year = {2017},
  volume = {54},
  pages = {1338--1348},
  series = {Proceedings of Machine Learning Research},
  address = {Fort Lauderdale, FL, USA},
  publisher = {PMLR}
}

@inproceedings{DBLP:journals/corr/LiTBZ15,
  author    = {Yujia Li and
               Daniel Tarlow and
               Marc Brockschmidt and
               Richard S. Zemel},
  editor    = {Yoshua Bengio and
               Yann LeCun},
  title     = {Gated Graph Sequence Neural Networks},
  booktitle = {4th International Conference on Learning Representations, {ICLR} 2016,
               San Juan, Puerto Rico, May 2-4, 2016, Conference Track Proceedings},
  year      = {2016},
  url       = {http://arxiv.org/abs/1511.05493},
  timestamp = {Thu, 25 Jul 2019 14:25:40 +0200},
  biburl    = {https://dblp.org/rec/journals/corr/LiTBZ15.bib},
  bibsource = {dblp computer science bibliography, https://dblp.org}
}

@inproceedings{DBLP:journals/corr/WestonBCM15,
  author    = {Jason Weston and
               Antoine Bordes and
               Sumit Chopra and
               Tom{\'{a}}s Mikolov},
  editor    = {Yoshua Bengio and
               Yann LeCun},
  title     = {Towards AI-Complete Question Answering: {A} Set of Prerequisite Toy
               Tasks},
  booktitle = {4th International Conference on Learning Representations, {ICLR} 2016,
               San Juan, Puerto Rico, May 2-4, 2016, Conference Track Proceedings},
  year      = {2016},
  url       = {http://arxiv.org/abs/1502.05698},
  timestamp = {Mon, 28 Dec 2020 11:31:02 +0100},
  biburl    = {https://dblp.org/rec/journals/corr/WestonBCM15.bib},
  bibsource = {dblp computer science bibliography, https://dblp.org}
}